@online{knuthwebsite,
	author    = "Donald Knuth",
	title     = "Knuth: Computers and Typesetting",
	url       = "http://www-cs-faculty.stanford.edu/~uno/abcde.html",
	keywords  = "latex,knuth"
}

@inbook{knuth-fa,
	author = "Donald E. Knuth",
	title = "Fundamental Algorithms",
	publisher = "Addison-Wesley",
	year = "1973",
	chapter = "1.2",
	keywords  = "knuth,programming"
}

@book{knuth-acp,
	author = "Donald E. Knuth",
	publisher = "Addison-Wesley",
	title = "The Art of Computer Programming",
	series = "Four volumes",
	year = "1968",
	note = "Seven volumes planned",
	keywords  = "knuth,programming"
}